
@article{caruso_application_nodate,
	title = {Application des fractions continues à la construction des gammes musicales},
	pages = {16},
	author = {Caruso, Xavier},
	langid = {french},
	file = {Caruso - Application des fractions continues à la construct.pdf:files/21/Caruso - Application des fractions continues à la construct.pdf:application/pdf}
}

@video{cordierphychi_fractions_nodate,
	title = {Fractions continues (calendriers, éclipses et gammes)},
	url = {https://www.youtube.com/watch?v=zSnFffFo9bk},
	author = {{cordierphychi}},
	urldate = {2019-04-11}
}